<record><leader>00000cas a2200000 a 4500</leader><controlfield tag="001">32325695</controlfield><controlfield tag="007">hd bfu---baat</controlfield><controlfield tag="007">hd afu---bact</controlfield><controlfield tag="008">950418d18851993nbuwr nea     0    0eng d</controlfield><datafield ind1=" " ind2=" " tag="010"><subfield code="a">sn 95069486 </subfield></datafield><datafield ind1=" " ind2=" " tag="040"><subfield code="a">NVG</subfield><subfield code="b">eng</subfield><subfield code="c">NVG</subfield><subfield code="d">OCL</subfield><subfield code="d">OCLCQ</subfield><subfield code="d">OCLCF</subfield><subfield code="d">OCLCO</subfield></datafield><datafield ind1="1" ind2=" " tag="029"><subfield code="a">AU@</subfield><subfield code="b">000011687112</subfield></datafield><datafield ind1=" " ind2=" " tag="042"><subfield code="a">msc</subfield></datafield><datafield ind1=" " ind2=" " tag="043"><subfield code="a">n-us-nb</subfield></datafield><datafield ind1="0" ind2=" " tag="130"><subfield code="a">Headlight (Stromsburg, Neb.)</subfield></datafield><datafield ind1="1" ind2="0" tag="245"><subfield code="a">Headlight</subfield><subfield code="h">[microform].</subfield></datafield><datafield ind1="1" ind2="3" tag="246"><subfield code="a">Head light</subfield><subfield code="f">1885</subfield></datafield><datafield ind1="1" ind2="3" tag="246"><subfield code="a">Stromsburg headlight</subfield></datafield><datafield ind1=" " ind2=" " tag="260"><subfield code="a">Stromsburg, Neb. :</subfield><subfield code="b">I.D. Chamberlain,</subfield><subfield code="c">-1993.</subfield></datafield><datafield ind1=" " ind2=" " tag="300"><subfield code="a">v.</subfield></datafield><datafield ind1=" " ind2=" " tag="310"><subfield code="a">Weekly</subfield></datafield><datafield ind1="1" ind2=" " tag="362"><subfield code="a">Began in May 1885.</subfield></datafield><datafield ind1="0" ind2=" " tag="362"><subfield code="a">-v. 108, no. 17 [i.e. 27] (Dec. 30, 1993).</subfield></datafield><datafield ind1=" " ind2=" " tag="580"><subfield code="a">Merged with: Osceola record, and: Shelby sun (Shelby, Neb. : 1904), to form: Polk County news (Stromsburg, Neb. : 1994).</subfield></datafield><datafield ind1=" " ind2=" " tag="588"><subfield code="a">Description based on: Vol. 1, no. 21 (Oct. 1, 1885).</subfield></datafield><datafield ind1=" " ind2=" " tag="533"><subfield code="a">Microfilm.</subfield><subfield code="m">1885-1993:[Gaps]</subfield><subfield code="b">[Lincoln, Neb. :</subfield><subfield code="c">Nebraska State Historical Society],</subfield><subfield code="d">[1967?]-1994.</subfield><subfield code="e">58 microfilm reels ; 35 mm.</subfield></datafield><datafield ind1=" " ind2="0" tag="651"><subfield code="a">Stromsburg (Neb.)</subfield><subfield code="v">Newspapers.</subfield></datafield><datafield ind1=" " ind2="0" tag="651"><subfield code="a">Polk County (Neb.)</subfield><subfield code="v">Newspapers.</subfield></datafield><datafield ind1=" " ind2="7" tag="655"><subfield code="a">Newspapers.</subfield><subfield code="2">fast</subfield><subfield code="0">(OCoLC)fst01423814</subfield></datafield><datafield ind1=" " ind2="7" tag="651"><subfield code="a">Nebraska</subfield><subfield code="z">Polk County.</subfield><subfield code="2">fast</subfield><subfield code="0">(OCoLC)fst01206420</subfield></datafield><datafield ind1=" " ind2="7" tag="651"><subfield code="a">Nebraska</subfield><subfield code="z">Stromsburg.</subfield><subfield code="2">fast</subfield><subfield code="0">(OCoLC)fst01230582</subfield></datafield><datafield ind1=" " ind2=" " tag="752"><subfield code="a">United States</subfield><subfield code="b">Nebraska</subfield><subfield code="c">Polk</subfield><subfield code="d">Stromsburg.</subfield></datafield><datafield ind1="1" ind2=" " tag="776"><subfield code="c">Original</subfield><subfield code="w">(DLC)sn 88086156</subfield></datafield><datafield ind1="1" ind2="7" tag="785"><subfield code="t">Osceola record</subfield><subfield code="w">(DLC)sn 95069488</subfield></datafield><datafield ind1="1" ind2="7" tag="785"><subfield code="t">Shelby sun (Shelby, Neb. : 1904)</subfield><subfield code="w">(DLC)sn 95069481</subfield></datafield><datafield ind1="1" ind2="7" tag="785"><subfield code="t">Polk County news (Stromsburg, Neb. : 1994)</subfield><subfield code="x">1074-2751</subfield></datafield></record>